<?xml version="1.0" encoding="UTF-8" standalone="no"?><Document xmlns="urn:iso:std:iso:20022:tech:xsd:pain.001.003.03">
    <CstmrCdtTrfInitn>
        <GrpHdr>
            <MsgId>TXXXXXP001AP</MsgId>
            <CreDtTm>2018-12-17T12:00:00.001Z</CreDtTm>
            <NbOfTxs>20</NbOfTxs>
            <CtrlSum>69022.10</CtrlSum>
            <InitgPty>
                <Nm>Google Inc. Muenchen</Nm>
            </InitgPty>
        </GrpHdr>
        <PmtInf>
            <PmtInfId>07777T01ID010</PmtInfId>
            <PmtMtd>TRF</PmtMtd>
            <ReqdExctnDt>2018-12-17</ReqdExctnDt>
            <Dbtr>
                <Nm>Google Inc. Muenchen</Nm>
            </Dbtr>
            <DbtrAcct>
                <Id>
                    <IBAN>DE13123456791200000022</IBAN>
                </Id>
            </DbtrAcct>
            <DbtrAgt>
                <FinInstnId>
                    <BIC>PPIBDEHHXXX</BIC>
                </FinInstnId>
            </DbtrAgt>
            <CdtTrfTxInf>
                <PmtId>
                    <InstrId>07777T01ID011</InstrId>
                    <EndToEndId>07777T01ID011</EndToEndId>
                </PmtId>
                <Amt>
                    <InstdAmt Ccy="EUR">3451.01</InstdAmt>
                </Amt>
                <Cdtr>
                    <Nm>Empfaenger01</Nm>
                </Cdtr>
                <CdtrAcct>
                    <Id>
                        <IBAN>DE37500700240324115500</IBAN>
                    </Id>
                </CdtrAcct>
                <RmtInf>
                    <Ustrd>07777T01ID011</Ustrd>
                </RmtInf>
            </CdtTrfTxInf>
            <CdtTrfTxInf>
                <PmtId>
                    <InstrId>07777T01ID012</InstrId>
                    <EndToEndId>07777T01ID012</EndToEndId>
                </PmtId>
                <Amt>
                    <InstdAmt Ccy="EUR">3451.02</InstdAmt>
                </Amt>
                <Cdtr>
                    <Nm>Empfaenger02</Nm>
                </Cdtr>
                <CdtrAcct>
                    <Id>
                        <IBAN>DE37500700240324115500</IBAN>
                    </Id>
                </CdtrAcct>
                <RmtInf>
                    <Ustrd>07777T01ID012</Ustrd>
                </RmtInf>
            </CdtTrfTxInf>
            <CdtTrfTxInf>
                <PmtId>
                    <InstrId>07777T01ID013</InstrId>
                    <EndToEndId>07777T01ID013</EndToEndId>
                </PmtId>
                <Amt>
                    <InstdAmt Ccy="EUR">3451.03</InstdAmt>
                </Amt>
                <Cdtr>
                    <Nm>Empfaenger03</Nm>
                </Cdtr>
                <CdtrAcct>
                    <Id>
                        <IBAN>DE37500700240324115500</IBAN>
                    </Id>
                </CdtrAcct>
                <RmtInf>
                    <Ustrd>07777T01ID013</Ustrd>
                </RmtInf>
            </CdtTrfTxInf>
            <CdtTrfTxInf>
                <PmtId>
                    <InstrId>07777T01ID014</InstrId>
                    <EndToEndId>07777T01ID014</EndToEndId>
                </PmtId>
                <Amt>
                    <InstdAmt Ccy="EUR">3451.04</InstdAmt>
                </Amt>
                <Cdtr>
                    <Nm>Empfaenger04</Nm>
                </Cdtr>
                <CdtrAcct>
                    <Id>
                        <IBAN>DE37500700240324115500</IBAN>
                    </Id>
                </CdtrAcct>
                <RmtInf>
                    <Ustrd>07777T01ID014</Ustrd>
                </RmtInf>
            </CdtTrfTxInf>
            <CdtTrfTxInf>
                <PmtId>
                    <InstrId>07777T01ID015</InstrId>
                    <EndToEndId>07777T01ID015</EndToEndId>
                </PmtId>
                <Amt>
                    <InstdAmt Ccy="EUR">3451.05</InstdAmt>
                </Amt>
                <Cdtr>
                    <Nm>Empfaenger05</Nm>
                </Cdtr>
                <CdtrAcct>
                    <Id>
                        <IBAN>DE37500700240324115500</IBAN>
                    </Id>
                </CdtrAcct>
                <RmtInf>
                    <Ustrd>07777T01ID015</Ustrd>
                </RmtInf>
            </CdtTrfTxInf>
            <CdtTrfTxInf>
                <PmtId>
                    <InstrId>07777T01ID016</InstrId>
                    <EndToEndId>07777T01ID016</EndToEndId>
                </PmtId>
                <Amt>
                    <InstdAmt Ccy="EUR">3451.06</InstdAmt>
                </Amt>
                <Cdtr>
                    <Nm>Empfaenger06</Nm>
                </Cdtr>
                <CdtrAcct>
                    <Id>
                        <IBAN>DE37500700240324115500</IBAN>
                    </Id>
                </CdtrAcct>
                <RmtInf>
                    <Ustrd>07777T01ID016</Ustrd>
                </RmtInf>
            </CdtTrfTxInf>
            <CdtTrfTxInf>
                <PmtId>
                    <InstrId>07777T01ID017</InstrId>
                    <EndToEndId>07777T01ID017</EndToEndId>
                </PmtId>
                <Amt>
                    <InstdAmt Ccy="EUR">3451.07</InstdAmt>
                </Amt>
                <Cdtr>
                    <Nm>Empfaenger07</Nm>
                </Cdtr>
                <CdtrAcct>
                    <Id>
                        <IBAN>DE37500700240324115500</IBAN>
                    </Id>
                </CdtrAcct>
                <RmtInf>
                    <Ustrd>07777T01ID017</Ustrd>
                </RmtInf>
            </CdtTrfTxInf>
            <CdtTrfTxInf>
                <PmtId>
                    <InstrId>07777T01ID018</InstrId>
                    <EndToEndId>07777T01ID018</EndToEndId>
                </PmtId>
                <Amt>
                    <InstdAmt Ccy="EUR">3451.08</InstdAmt>
                </Amt>
                <Cdtr>
                    <Nm>Empfaenger08</Nm>
                </Cdtr>
                <CdtrAcct>
                    <Id>
                        <IBAN>DE37500700240324115500</IBAN>
                    </Id>
                </CdtrAcct>
                <RmtInf>
                    <Ustrd>07777T01ID018</Ustrd>
                </RmtInf>
            </CdtTrfTxInf>
            <CdtTrfTxInf>
                <PmtId>
                    <InstrId>07777T01ID019</InstrId>
                    <EndToEndId>07777T01ID019</EndToEndId>
                </PmtId>
                <Amt>
                    <InstdAmt Ccy="EUR">3451.09</InstdAmt>
                </Amt>
                <Cdtr>
                    <Nm>Empfaenger09</Nm>
                </Cdtr>
                <CdtrAcct>
                    <Id>
                        <IBAN>DE37500700240324115500</IBAN>
                    </Id>
                </CdtrAcct>
                <RmtInf>
                    <Ustrd>07777T01ID019</Ustrd>
                </RmtInf>
            </CdtTrfTxInf>
            <CdtTrfTxInf>
                <PmtId>
                    <InstrId>07777T01ID020</InstrId>
                    <EndToEndId>07777T01ID020</EndToEndId>
                </PmtId>
                <Amt>
                    <InstdAmt Ccy="EUR">3451.10</InstdAmt>
                </Amt>
                <Cdtr>
                    <Nm>Empfaenger10</Nm>
                </Cdtr>
                <CdtrAcct>
                    <Id>
                        <IBAN>DE37500700240324115500</IBAN>
                    </Id>
                </CdtrAcct>
                <RmtInf>
                    <Ustrd>07777T01ID020</Ustrd>
                </RmtInf>
            </CdtTrfTxInf>
            <CdtTrfTxInf>
                <PmtId>
                    <InstrId>07777T01ID021</InstrId>
                    <EndToEndId>07777T01ID021</EndToEndId>
                </PmtId>
                <Amt>
                    <InstdAmt Ccy="EUR">3451.11</InstdAmt>
                </Amt>
                <Cdtr>
                    <Nm>Empfaenger11</Nm>
                </Cdtr>
                <CdtrAcct>
                    <Id>
                        <IBAN>DE37500700240324115500</IBAN>
                    </Id>
                </CdtrAcct>
                <RmtInf>
                    <Ustrd>07777T01ID021</Ustrd>
                </RmtInf>
            </CdtTrfTxInf>
            <CdtTrfTxInf>
                <PmtId>
                    <InstrId>07777T01ID022</InstrId>
                    <EndToEndId>07777T01ID022</EndToEndId>
                </PmtId>
                <Amt>
                    <InstdAmt Ccy="EUR">3451.12</InstdAmt>
                </Amt>
                <Cdtr>
                    <Nm>Empfaenger12</Nm>
                </Cdtr>
                <CdtrAcct>
                    <Id>
                        <IBAN>DE37500700240324115500</IBAN>
                    </Id>
                </CdtrAcct>
                <RmtInf>
                    <Ustrd>07777T01ID022</Ustrd>
                </RmtInf>
            </CdtTrfTxInf>
            <CdtTrfTxInf>
                <PmtId>
                    <InstrId>07777T01ID023</InstrId>
                    <EndToEndId>07777T01ID023</EndToEndId>
                </PmtId>
                <Amt>
                    <InstdAmt Ccy="EUR">3451.13</InstdAmt>
                </Amt>
                <Cdtr>
                    <Nm>Empfaenger13</Nm>
                </Cdtr>
                <CdtrAcct>
                    <Id>
                        <IBAN>DE37500700240324115500</IBAN>
                    </Id>
                </CdtrAcct>
                <RmtInf>
                    <Ustrd>07777T01ID023</Ustrd>
                </RmtInf>
            </CdtTrfTxInf>
            <CdtTrfTxInf>
                <PmtId>
                    <InstrId>07777T01ID024</InstrId>
                    <EndToEndId>07777T01ID024</EndToEndId>
                </PmtId>
                <Amt>
                    <InstdAmt Ccy="EUR">3451.14</InstdAmt>
                </Amt>
                <Cdtr>
                    <Nm>Empfaenger14</Nm>
                </Cdtr>
                <CdtrAcct>
                    <Id>
                        <IBAN>DE37500700240324115500</IBAN>
                    </Id>
                </CdtrAcct>
                <RmtInf>
                    <Ustrd>07777T01ID024</Ustrd>
                </RmtInf>
            </CdtTrfTxInf>
            <CdtTrfTxInf>
                <PmtId>
                    <InstrId>07777T01ID025</InstrId>
                    <EndToEndId>07777T01ID025</EndToEndId>
                </PmtId>
                <Amt>
                    <InstdAmt Ccy="EUR">3451.15</InstdAmt>
                </Amt>
                <Cdtr>
                    <Nm>Empfaenger15</Nm>
                </Cdtr>
                <CdtrAcct>
                    <Id>
                        <IBAN>DE37500700240324115500</IBAN>
                    </Id>
                </CdtrAcct>
                <RmtInf>
                    <Ustrd>07777T01ID025</Ustrd>
                </RmtInf>
            </CdtTrfTxInf>
            <CdtTrfTxInf>
                <PmtId>
                    <InstrId>07777T01ID026</InstrId>
                    <EndToEndId>07777T01ID026</EndToEndId>
                </PmtId>
                <Amt>
                    <InstdAmt Ccy="EUR">3451.16</InstdAmt>
                </Amt>
                <Cdtr>
                    <Nm>Empfaenger16</Nm>
                </Cdtr>
                <CdtrAcct>
                    <Id>
                        <IBAN>DE37500700240324115500</IBAN>
                    </Id>
                </CdtrAcct>
                <RmtInf>
                    <Ustrd>07777T01ID026</Ustrd>
                </RmtInf>
            </CdtTrfTxInf>
            <CdtTrfTxInf>
                <PmtId>
                    <InstrId>07777T01ID027</InstrId>
                    <EndToEndId>07777T01ID027</EndToEndId>
                </PmtId>
                <Amt>
                    <InstdAmt Ccy="EUR">3451.17</InstdAmt>
                </Amt>
                <Cdtr>
                    <Nm>Empfaenger17</Nm>
                </Cdtr>
                <CdtrAcct>
                    <Id>
                        <IBAN>DE37500700240324115500</IBAN>
                    </Id>
                </CdtrAcct>
                <RmtInf>
                    <Ustrd>07777T01ID027</Ustrd>
                </RmtInf>
            </CdtTrfTxInf>
            <CdtTrfTxInf>
                <PmtId>
                    <InstrId>07777T01ID028</InstrId>
                    <EndToEndId>07777T01ID028</EndToEndId>
                </PmtId>
                <Amt>
                    <InstdAmt Ccy="EUR">3451.18</InstdAmt>
                </Amt>
                <Cdtr>
                    <Nm>Empfaenger18</Nm>
                </Cdtr>
                <CdtrAcct>
                    <Id>
                        <IBAN>DE37500700240324115500</IBAN>
                    </Id>
                </CdtrAcct>
                <RmtInf>
                    <Ustrd>07777T01ID028</Ustrd>
                </RmtInf>
            </CdtTrfTxInf>
            <CdtTrfTxInf>
                <PmtId>
                    <InstrId>07777T01ID029</InstrId>
                    <EndToEndId>07777T01ID029</EndToEndId>
                </PmtId>
                <Amt>
                    <InstdAmt Ccy="EUR">3451.19</InstdAmt>
                </Amt>
                <Cdtr>
                    <Nm>Empfaenger19</Nm>
                </Cdtr>
                <CdtrAcct>
                    <Id>
                        <IBAN>DE37500700240324115500</IBAN>
                    </Id>
                </CdtrAcct>
                <RmtInf>
                    <Ustrd>07777T01ID029</Ustrd>
                </RmtInf>
            </CdtTrfTxInf>
            <CdtTrfTxInf>
                <PmtId>
                    <InstrId>07777T01ID030</InstrId>
                    <EndToEndId>07777T01ID030</EndToEndId>
                </PmtId>
                <Amt>
                    <InstdAmt Ccy="EUR">3451.20</InstdAmt>
                </Amt>
                <Cdtr>
                    <Nm>Empfaenger20</Nm>
                </Cdtr>
                <CdtrAcct>
                    <Id>
                        <IBAN>DE37500700240324115500</IBAN>
                    </Id>
                </CdtrAcct>
                <RmtInf>
                    <Ustrd>07777T01ID030</Ustrd>
                </RmtInf>
            </CdtTrfTxInf>
        </PmtInf>
    </CstmrCdtTrfInitn>
</Document>
